2242 3126
475 397 1686 519 PaAEraalQ

112 590 374 772 seculi,
427 610 568 689 quod
610 613 853 682 vivimUS‚
914 612 1146 689 palmare
1183 612 1405 670 studium
1444 615 1497 669 in
1537 633 1604 669 eo
1643 611 1939 689 praeprimis
1977 612 2052 669 la-

248 708 375 766 bore
413 709 657 794 desudare
696 710 934 778 videtur,
974 725 1034 766 ut
1073 731 1254 767 omnes
1292 725 1463 779 arteS‚
1504 709 1734 766 scientiae
1764 730 1945 766 omnes
1985 711 2052 766 ad

110 805 401 883 supremum
442 809 728 866 evehantur
765 808 1102 886 perfectionis
1143 811 1374 886 apicem,
1415 810 1707 885 mirumque
1744 809 1797 863 in
1841 808 2054 864 modum

108 905 467 963 calamistratae
508 906 859 983 praefulgeant
898 906 1106 983 ubique.
1186 905 1316 963 Sola
1346 906 1455 962 fere
1487 908 1650 962 tineas
1679 907 1812 961 inter
1845 905 1902 962 &
1935 903 2047 981 pul-

105 1023 254 1059 veres
282 1004 479 1074 inculta
521 1004 675 1060 hodie
711 1004 1056 1081 neglectaque
1084 1006 1226 1078 jacet
1266 1003 1567 1079 Tlieosbplzia
1599 1003 1826 1078 Mystica.
1907 1001 2045 1057 Rem

102 1100 257 1178 plane
307 1102 605 1178 indignam!
684 1100 781 1158 Est
831 1103 1029 1179 quippe
1081 1100 1289 1157 scientia
1343 1093 1695 1168 Sanctorum,
1754 1103 1805 1156 in
1852 1101 2047 1156 deliciis

104 1199 380 1277 quondam,
421 1197 722 1277 summoque
761 1201 814 1255 in
854 1200 1026 1276 pretio
1066 1197 1258 1267 habita,
1302 1200 1364 1256 ad
1405 1200 1567 1256 fidera
1606 1219 1773 1276 usque
1810 1198 2046 1255 laudibus

102 1295 266 1353 elata:
310 1317 407 1353 nec
448 1298 538 1354 abs
579 1318 636 1353 re
676 1298 919 1374 quidem3
961 1317 1078 1353 cum
1122 1298 1172 1352 in
1212 1299 1294 1353 via
1336 1297 1578 1353 tendendi
1620 1297 1684 1353 ad
1724 1296 1922 1363 Deum,
1966 1310 2045 1351 to-

100 1396 202 1450 tius
235 1394 427 1451 nostrae
465 1397 518 1451 in
558 1409 696 1450 terra
736 1395 831 1449 hac
872 1393 1100 1462 deserta,
1145 1394 1463 1471 &inaquosa
1490 1397 1920 1474 peregrinationis
1945 1409 2049 1451 ter--

99 1475 326 1560 minum,
377 1492 574 1570 oppido
616 1493 677 1548 fit
706 1490 998 1548 necessaria.
1115 1491 1168 1547 A
1205 1495 1410 1553 nemine
1444 1495 1621 1570 proin,
1676 1496 1726 1548 ni
1766 1494 1928 1550 zoilus
1967 1496 2044 1562 fit,

99 1603 189 1646 aut
219 1590 539 1658 aristarchus,
574 1593 694 1665 jure
721 1590 991 1667 vapulabit
1030 1590 1211 1646 isthaec
1255 1590 1465 1666 triplicis
1488 1589 1556 1648 ad
1584 1590 1750 1649 Deum
1783 1591 2042 1651 Tri-unum

98 1689 194 1745 vioe
216 1686 600 1762 Ichnograpl'zia.
679 1687 917 1745 Exhibet
950 1690 1083 1744 enim
1102 1729 1115 1756 ‚
1159 1688 1406 1766 quidquid
1431 1690 1494 1745 ad
1518 1688 1900 1766 Theosophiam
1922 1690 2045 1765 My-

102 1786 278 1842 sticam
319 1788 625 1864 requiritur,
665 1800 755 1841 aut
794 1807 907 1842 eam
933 1799 1154 1841 exornat
1176 1787 1410 1843 mirifice.
1490 1786 1700 1857 Quinos
1724 1790 1918 1865 quippe
1944 1803 2044 1845 tra-

102 1884 269 1939 §tatus
293 1884 683 1960 complectitur,
726 1885 910 1962 quibus
941 1884 1141 1940 theoria
1170 1885 1381 1958 mystica
1411 1887 1635 1941 numeris
1664 1885 1943 1943 absolvitur
1984 1909 2041 1942 0-

98 1982 315 2038 mnibus.
393 1980 469 2037 Et
492 1983 711 2059 primum
737 1982 944 2059 quidem
967 1982 1058 2038 fibi
1089 1982 1328 2038 vendicat
1356 1983 1574 2057 cognitio
1599 1982 1720 2056 fiai·
1755 1983 2038 2057 Mortifica-

99 2079 167 2137 tio
191 2078 282 2153 fiai
319 2079 559 2152 alterum,
631 2079 827 2137 Ambae
854 2079 1095 2136 videlicet
1119 2078 1265 2147 sunt,
1307 2081 1500 2158 quibus
1521 2082 1703 2156 prima,
1745 2101 2041 2159 quampur-

95 2177 322 2252 gativam
361 2178 563 2246 dicunt,
615 2178 678 2235 ad
706 2178 884 2234 Deum
912 2180 994 2234 via
1024 2178 1278 2233 sternitur.
1359 2177 1468 2234 Per
1506 2179 1635 2236 viam
1671 2180 2041 2238 illuminativam

99 2276 162 2331 ad
201 2274 380 2331 Deum
418 2274 485 2331 T.
531 2276 612 2334 0.,
644 2275 724 2336 Μ.
766 2278 982 2354 propius
1012 2274 1283 2331 accessuris
1324 2275 1489 2332 facem
1530 2277 1751 2354 praefert
1793 2278 2040 2335 traclatus

99 2375 309 2440 tertiuS‚
348 2373 553 2430 modum
578 2417 592 2442 ,
634 2395 739 2453 quo
770 2377 989 2432 virtutes
1020 2373 1353 2451 acquirendae
1383 2375 1507 2441 fint,
1553 2374 1609 2431 &
1633 2376 1957 2432 deducendae
1988 2379 2041 2433 in

98 2473 312 2546 praxim
352 2471 577 2528 edocens
617 2472 922 2529 luculenter.
1004 2471 1240 2542 Quartus
1267 2492 1427 2548 porro
1465 2474 1763 2529 manuducit
1786 2495 1879 2549 per
1906 2477 2041 2531 viam

5 2596 28 2619 v
97 2571 294 2645 regiam
352 2570 660 2637 (orationem
700 2571 934 2648 intellige
973 2570 1261 2643 mentalem)
1316 2571 1379 2626 ad
1419 2572 1648 2626 intimam
1702 2574 1890 2627 animae
1920 2593 2039 2628 cum

100 2665 225 2723 Deo
247 2667 518 2740 unionem,
560 2669 912 2730 caelestiumve
954 2669 1315 2726 charismatum
1356 2667 1637 2740 thesaurOS,
1681 2689 1810 2747 quos
1835 2669 2040 2726 demum

1150 2768 1281 2843 )<3
1986 2768 2038 2826 iv
